<?xml version="1.0" encoding="UTF-8"?><collection xmlns="http://www.loc.gov/MARC21/slim"><record><leader>00518nam--2200169-u-4500</leader><controlfield tag="001">000054519</controlfield><controlfield tag="002">20161230</controlfield><controlfield tag="005">20161230201051</controlfield><controlfield tag="008">120118s1000------------r-----000-0-eng-d</controlfield><datafield ind1=" " ind2=" " tag="040"><subfield code="a">IFIN-HH</subfield></datafield><datafield ind1=" " ind2=" " tag="080"><subfield code="a">539.12.162.8:539.1.073(061.3)</subfield></datafield><datafield ind1="1" ind2=" " tag="100"><subfield code="a">Ferbel, T</subfield></datafield><datafield ind1="1" ind2="0" tag="245"><subfield code="a">Silicon detectors for high energy physics</subfield><subfield code="b">Proceedings of a workshop held at fermilab, october 15-16, 1981</subfield><subfield code="c">T. ferbel (ed.)</subfield></datafield><datafield ind1=" " ind2=" " tag="260"><subfield code="a">Rochester</subfield><subfield code="b">University</subfield><subfield code="c">1981</subfield></datafield><datafield ind1=" " ind2=" " tag="300"><subfield code="a">312P</subfield></datafield><datafield ind1=" " ind2=" " tag="852"><subfield code="a">74961</subfield><subfield code="c">539.12</subfield></datafield><datafield ind1=" " ind2=" " tag="CAT"><subfield code="a">Sys</subfield><subfield code="c">20120118</subfield><subfield code="h">135351</subfield></datafield></record></collection>